%% This BibTeX bibliography file was created using BibDesk.
%% http://bibdesk.sourceforge.net/


%% Created for Kevin Leung at 2012-03-19 00:55:32 -0700 


%% Saved with string encoding Unicode (UTF-8) 



@article{sprouse,
	Author = {Jon Sprouse and Diogo Almeida},
	Date-Added = {2012-03-19 00:50:58 -0700},
	Date-Modified = {2012-03-19 00:52:03 -0700},
	Journal = {Journal of Linguistics},
	Pages = {1-44},
	Title = {Assessing the reliability of textbook data in syntax: Adger's Core Syntax},
	Year = {2012}}

@article{kennedy07,
	Affiliation = {University of Chicago Department of Linguistics 1010 East 59th St Chicago IL 60637 USA 1010 East 59th St Chicago IL 60637 USA},
	Author = {Kennedy, Christopher},
	Date-Added = {2012-03-19 00:39:29 -0700},
	Date-Modified = {2012-03-19 00:39:39 -0700},
	Issn = {0165-0157},
	Issue = {1},
	Journal = {Linguistics and Philosophy},
	Keyword = {Humanities, Social Sciences and Law},
	Note = {10.1007/s10988-006-9008-0},
	Pages = {1-45},
	Publisher = {Springer Netherlands},
	Title = {Vagueness and grammar: the semantics of relative and absolute gradable adjectives},
	Url = {http://dx.doi.org/10.1007/s10988-006-9008-0},
	Volume = {30},
	Year = {2007},
	Bdsk-Url-1 = {http://dx.doi.org/10.1007/s10988-006-9008-0}}

@inproceedings{mitchell,
	Acmid = {1610203},
	Address = {Stroudsburg, PA, USA},
	Author = {Mitchell, Margaret},
	Booktitle = {Proceedings of the 12th European Workshop on Natural Language Generation},
	Date-Added = {2012-02-13 23:52:24 -0800},
	Date-Modified = {2012-02-13 23:52:29 -0800},
	Location = {Athens, Greece},
	Numpages = {8},
	Pages = {50--57},
	Publisher = {Association for Computational Linguistics},
	Series = {ENLG '09},
	Title = {Class-based ordering of prenominal modifiers},
	Url = {http://dl.acm.org/citation.cfm?id=1610195.1610203},
	Year = {2009},
	Bdsk-Url-1 = {http://dl.acm.org/citation.cfm?id=1610195.1610203}}

@inproceedings{maas,
	Acmid = {2002491},
	Address = {Stroudsburg, PA, USA},
	Author = {Maas, Andrew L. and Daly, Raymond E. and Pham, Peter T. and Huang, Dan and Ng, Andrew Y. and Potts, Christopher},
	Booktitle = {Proceedings of the 49th Annual Meeting of the Association for Computational Linguistics: Human Language Technologies - Volume 1},
	Date-Added = {2012-02-13 23:49:45 -0800},
	Date-Modified = {2012-02-13 23:50:04 -0800},
	Isbn = {978-1-932432-87-9},
	Location = {Portland, Oregon},
	Numpages = {9},
	Pages = {142--150},
	Publisher = {Association for Computational Linguistics},
	Series = {HLT '11},
	Title = {Learning word vectors for sentiment analysis},
	Url = {http://dl.acm.org/citation.cfm?id=2002472.2002491},
	Year = {2011},
	Bdsk-Url-1 = {http://dl.acm.org/citation.cfm?id=2002472.2002491}}

@book{irbook,
	Abstract = {{Introduction to Information Retrieval is the first textbook with a coherent treatment of classical and web information retrieval, including web search and the related areas of text classification and text clustering.  Written from a computer science perspective, it gives an up-to-date treatment of all aspects of the design and implementation of systems for gathering, indexing, and searching documents; methods for evaluating systems; and an introduction to the use of machine learning methods on text collections.  Designed as the primary text for a graduate or advanced undergraduate course in information retrieval, the book will also interest researchers and professionals.  A complete set of lecture slides and exercises that accompany the book are available on the web.}},
	Author = {Manning, Christopher D. and Raghavan, Prabhakar and Sch\"{u}tze, Hinrich},
	Citeulike-Article-Id = {2709781},
	Citeulike-Linkout-0 = {http://www.amazon.ca/exec/obidos/redirect?tag=citeulike09-20\&amp;path=ASIN/0521865719},
	Citeulike-Linkout-1 = {http://www.amazon.de/exec/obidos/redirect?tag=citeulike01-21\&amp;path=ASIN/0521865719},
	Citeulike-Linkout-2 = {http://www.amazon.fr/exec/obidos/redirect?tag=citeulike06-21\&amp;path=ASIN/0521865719},
	Citeulike-Linkout-3 = {http://www.amazon.jp/exec/obidos/ASIN/0521865719},
	Citeulike-Linkout-4 = {http://www.amazon.co.uk/exec/obidos/ASIN/0521865719/citeulike00-21},
	Citeulike-Linkout-5 = {http://www.amazon.com/exec/obidos/redirect?tag=citeulike07-20\&path=ASIN/0521865719},
	Citeulike-Linkout-6 = {http://www.worldcat.org/isbn/0521865719},
	Citeulike-Linkout-7 = {http://books.google.com/books?vid=ISBN0521865719},
	Citeulike-Linkout-8 = {http://www.amazon.com/gp/search?keywords=0521865719\&index=books\&linkCode=qs},
	Citeulike-Linkout-9 = {http://www.librarything.com/isbn/0521865719},
	Date-Added = {2011-12-09 01:39:53 -0800},
	Date-Modified = {2011-12-09 01:40:06 -0800},
	Day = {07},
	Edition = {1},
	Howpublished = {Hardcover},
	Isbn = {0521865719},
	Keywords = {information-retrieval},
	Month = jul,
	Posted-At = {2008-08-06 22:01:26},
	Priority = {3},
	Publisher = {Cambridge University Press},
	Title = {{Introduction to Information Retrieval}},
	Url = {http://www.amazon.com/exec/obidos/redirect?tag=citeulike07-20\&path=ASIN/0521865719},
	Year = {2008},
	Bdsk-Url-1 = {http://www.amazon.com/exec/obidos/redirect?tag=citeulike07-20%5C&path=ASIN/0521865719}}

@inproceedings{coclustering,
	Acmid = {502550},
	Address = {New York, NY, USA},
	Author = {Dhillon, Inderjit S.},
	Booktitle = {Proceedings of the seventh ACM SIGKDD international conference on Knowledge discovery and data mining},
	Date-Added = {2011-12-09 01:14:40 -0800},
	Date-Modified = {2011-12-09 01:14:44 -0800},
	Doi = {http://doi.acm.org/10.1145/502512.502550},
	Isbn = {1-58113-391-X},
	Location = {San Francisco, California},
	Numpages = {6},
	Pages = {269--274},
	Publisher = {ACM},
	Series = {KDD '01},
	Title = {Co-clustering documents and words using bipartite spectral graph partitioning},
	Url = {http://doi.acm.org/10.1145/502512.502550},
	Year = {2001},
	Bdsk-Url-1 = {http://doi.acm.org/10.1145/502512.502550}}

@inproceedings{marneffe,
	Author = {Marie-catherine De Marneffe and Bill Maccartney and Christopher D. Manning},
	Booktitle = {In LREC 2006},
	Date-Added = {2011-12-08 23:33:52 -0800},
	Date-Modified = {2011-12-08 23:34:01 -0800},
	Title = {Generating typed dependency parses from phrase structure parses},
	Year = {2006}}

@article{syrett,
	Author = {Syrett, Kristen and Lidz, Jeffrey},
	Date-Added = {2011-12-08 23:24:47 -0800},
	Date-Modified = {2011-12-08 23:24:52 -0800},
	Journal = {Language Learning and Development},
	Number = {4},
	Pages = {258--282},
	Title = {30-Month-Olds Use the Distribution and Meaning of Adverbs to Interpret Novel Adjectives},
	Url = {http://www.informaworld.com/openurl?genre=article&doi=10.1080/15475440903507905&magic=crossref},
	Volume = {6},
	Year = {2010},
	Bdsk-Url-1 = {http://www.informaworld.com/openurl?genre=article&doi=10.1080/15475440903507905&magic=crossref}}

@inproceedings{hat,
	Author = {Vasileios Hatzivassiloglou},
	Booktitle = {In Judith L. Klavans and Philip Resnik, editors, The Balancing Act},
	Date-Added = {2011-12-08 23:19:50 -0800},
	Date-Modified = {2011-12-08 23:19:57 -0800},
	Pages = {67--94},
	Publisher = {MIT Press},
	Title = {Do we need linguistics when we have statistics? a comparative analysis of the contributions of linguistic cues to a statistical word grouping system},
	Year = {1996}}

@inproceedings{boleda,
	Acmid = {1067740},
	Address = {Stroudsburg, PA, USA},
	Author = {Boleda Torrent, Gemma and Alonso i Alemany, Laura},
	Booktitle = {Proceedings of the tenth conference on European chapter of the Association for Computational Linguistics - Volume 2},
	Date-Added = {2011-12-08 23:09:56 -0800},
	Date-Modified = {2011-12-08 23:10:03 -0800},
	Doi = {http://dx.doi.org/10.3115/1067737.1067740},
	Isbn = {1-111-56789-0},
	Location = {Budapest, Hungary},
	Numpages = {8},
	Pages = {9--16},
	Publisher = {Association for Computational Linguistics},
	Series = {EACL '03},
	Title = {Clustering adjectives for class acquisition},
	Url = {http://dx.doi.org/10.3115/1067737.1067740},
	Year = {2003},
	Bdsk-Url-1 = {http://dx.doi.org/10.3115/1067737.1067740}}

@inproceedings{rooth,
	Acmid = {1034703},
	Address = {Stroudsburg, PA, USA},
	Author = {Rooth, Mats and Riezler, Stefan and Prescher, Detlef and Carroll, Glenn and Beil, Franz},
	Booktitle = {Proceedings of the 37th annual meeting of the Association for Computational Linguistics on Computational Linguistics},
	Date-Added = {2011-12-08 22:59:21 -0800},
	Date-Modified = {2011-12-08 22:59:33 -0800},
	Doi = {http://dx.doi.org/10.3115/1034678.1034703},
	Isbn = {1-55860-609-3},
	Location = {College Park, Maryland},
	Numpages = {8},
	Pages = {104--111},
	Publisher = {Association for Computational Linguistics},
	Series = {ACL '99},
	Title = {Inducing a semantically annotated lexicon via EM-based clustering},
	Url = {http://dx.doi.org/10.3115/1034678.1034703},
	Year = {1999},
	Bdsk-Url-1 = {http://dx.doi.org/10.3115/1034678.1034703}}

@article{kennedymcnally,
	Author = {Christopher Kennedy and Louise McNally},
	Date-Added = {2011-12-08 22:55:17 -0800},
	Date-Modified = {2011-12-08 22:58:14 -0800},
	Journal = {Language},
	Number = {2},
	Pages = {345-381},
	Title = {Scale Structure and the Semantic Typology of Gradable Predicates},
	Volume = {81},
	Year = {2005}}
